@article{rashidi2021monitoring,
  title={Monitoring, managing, and communicating risk of harmful algal blooms (HABs) in recreational resources across Canada},
  author={Rashidi, Hamidreza and Baulch, Helen and Gill, Arshdeep and Bharadwaj, Lalita and Bradford, Lori},
  journal={Environmental Health Insights},
  volume={15},
  pages={11786302211014401},
  year={2021},
  publisher={SAGE Publications Sage UK: London, England}
}

@article{pick2016blooming,
  title={Blooming algae: a Canadian perspective on the rise of toxic cyanobacteria},
  author={Pick, Frances R},
  journal={Canadian Journal of Fisheries and Aquatic Sciences},
  volume={73},
  number={7},
  pages={1149--1158},
  year={2016},
  publisher={NRC Research Press}
}

@article{winter2011algal,
  title={Algal blooms in Ontario, Canada: increases in reports since 1994},
  author={Winter, Jennifer G and DeSellas, Anna M and Fletcher, Rachael and Heintsch, Lucja and Morley, Andrew and Nakamoto, Lynda and Utsumi, Kaoru},
  journal={Lake and Reservoir Management},
  volume={27},
  number={2},
  pages={107--114},
  year={2011},
  publisher={Taylor \& Francis}
}

@article{alvarenga2017metagenomic,
  title={A metagenomic approach to cyanobacterial genomics},
  author={Alvarenga, Danillo O and Fiore, Marli F and Varani, Alessandro M},
  journal={Frontiers in microbiology},
  volume={8},
  pages={809},
  year={2017},
  publisher={Frontiers Media SA}
}

@article{valadez2022amplicon,
  title={Amplicon-based and metagenomic approaches provide insights into toxigenic potential in understudied Atlantic Canadian lakes},
  author={Valadez-Cano, Cecilio and Hawkes, Kristen and Calvaruso, Rossella and Reyes-Prieto, Adrian and Lawrence, Janice},
  journal={Facets},
  volume={7},
  number={1},
  pages={194--214},
  year={2022},
  publisher={Canadian Science Publishing 1840 Woodward Drive, Suite 1, Ottawa, ON K2C 0P7}
}